@Misc{NSF,
  author        = {Conor Durkan and Artur Bekasov and Iain Murray and George Papamakarios},
  title         = {Neural Spline Flows},
  year          = {2019},
  archiveprefix = {arXiv},
  eprint        = {1906.04032},
}

@Misc{GF,
  author        = {Chenlin Meng and Yang Song and Jiaming Song and Stefano Ermon},
  title         = {Gaussianization Flows},
  year          = {2020},
  archiveprefix = {arXiv},
  eprint        = {2003.01941},
}

@Article{NF,
  author        = {Rezende, Danilo Jimenez and Mohamed, Shakir},
  title         = {Variational Inference with Normalizing Flows},
  year          = {2015},
  archiveprefix = {arXiv},
  eprint        = {1505.05770}
}

@misc{zuko,
  title = {Zuko},
  howpublished = {\url{https://zuko.readthedocs.io/en/stable/}},
  year = {2023}
}

@Misc{PyTorch,
  author = {Paszke, Adam and Gross, Sam and Chintala, Soumith and Chanan, Gregory and Yang, Edward and DeVito, Zachary and Lin, Zeming and Desmaison, Alban and Antiga, Luca and Lerer, Adam},
  title  = {Automatic differentiation in PyTorch},
  year   = {2017},
  howpublished = {\url{https://openreview.net/forum?id=BJJsrmfCZ}},
}

@Misc{NF_YT,
  author       = {Hans van Gorp},
  month        = {05},
  title        = {Generative Modeling - Normalizing Flows},
  year         = {2022},
  howpublished = {\url{https://www.youtube.com/watch?v=yxVcnuRrKqQ}},
}

@Misc{NF_Intro,
  author        = {Jingyi Shen and Han-Wei Shen},
  title         = {PSRFlow: Probabilistic Super Resolution with Flow-Based Models for Scientific Data},
  year          = {2023},
  archiveprefix = {arXiv},
  eprint        = {2308.04605},
}